<record><leader>00000cas a22000007a 4500</leader><controlfield tag="001">39315282</controlfield><controlfield tag="008">980619d19701978tnuir ne      0    0eng d</controlfield><datafield ind1=" " ind2=" " tag="010"><subfield code="a">sn 98069843 </subfield></datafield><datafield ind1=" " ind2=" " tag="040"><subfield code="a">TGN</subfield><subfield code="b">eng</subfield><subfield code="c">TGN</subfield><subfield code="d">OCLCF</subfield><subfield code="d">OCLCO</subfield></datafield><datafield ind1="1" ind2=" " tag="029"><subfield code="a">AU@</subfield><subfield code="b">000014018265</subfield></datafield><datafield ind1=" " ind2=" " tag="042"><subfield code="a">msc</subfield></datafield><datafield ind1="0" ind2="4" tag="245"><subfield code="a">The Cocke County banner.</subfield></datafield><datafield ind1=" " ind2=" " tag="260"><subfield code="a">Newport, Tenn. :</subfield><subfield code="b">Cocke County Pub. Co.,</subfield><subfield code="c">1970-1978.</subfield></datafield><datafield ind1=" " ind2=" " tag="300"><subfield code="a">v.</subfield></datafield><datafield ind1=" " ind2=" " tag="310"><subfield code="a">Three times a week,</subfield><subfield code="b">Sept. 4, 1974-Apr. 7, 1978</subfield></datafield><datafield ind1=" " ind2=" " tag="321"><subfield code="a">Weekly,</subfield><subfield code="b">Mar. 4-11, 1970</subfield></datafield><datafield ind1=" " ind2=" " tag="321"><subfield code="a">Semiweekly,</subfield><subfield code="b">Mar. 16, 1970-Sept. 2, 1974</subfield></datafield><datafield ind1="0" ind2=" " tag="362"><subfield code="a">Vol. 1, no. 1 (Mar. 4, 1970)-v. 9, no. 15 (Apr. 7, 1978).</subfield></datafield><datafield ind1=" " ind2=" " tag="580"><subfield code="a">Merged with: Newport plain talk (Newport, Tenn. : 1965), to form: Newport plain talk consolidated with the Cocke County banner.</subfield></datafield><datafield ind1=" " ind2="0" tag="651"><subfield code="a">Newport (Tenn.)</subfield><subfield code="v">Newspapers.</subfield></datafield><datafield ind1=" " ind2="0" tag="651"><subfield code="a">Cocke County (Tenn.)</subfield><subfield code="v">Newspapers.</subfield></datafield><datafield ind1=" " ind2="7" tag="655"><subfield code="a">Newspapers.</subfield><subfield code="2">fast</subfield><subfield code="0">(OCoLC)fst01423814</subfield></datafield><datafield ind1=" " ind2="7" tag="651"><subfield code="a">Tennessee</subfield><subfield code="z">Cocke County.</subfield><subfield code="2">fast</subfield><subfield code="0">(OCoLC)fst01262672</subfield></datafield><datafield ind1=" " ind2="7" tag="651"><subfield code="a">Tennessee</subfield><subfield code="z">Newport.</subfield><subfield code="2">fast</subfield><subfield code="0">(OCoLC)fst01229015</subfield></datafield><datafield ind1=" " ind2=" " tag="752"><subfield code="a">United States</subfield><subfield code="b">Tennessee</subfield><subfield code="c">Cocke</subfield><subfield code="d">Newport.</subfield></datafield><datafield ind1="1" ind2="7" tag="785"><subfield code="t">Newport plain talk (Newport, Tenn. : 1965)</subfield><subfield code="w">(DLC)sn 98069845</subfield></datafield><datafield ind1="1" ind2="7" tag="785"><subfield code="t">Newport plain talk consolidated with the Cocke County banner</subfield><subfield code="w">(DLC)sn 98069846</subfield></datafield></record>